@online{dao-pattern,
	author = {Sun Microsystems, Inc.},
	title = {Core J2EE Patterns - Data Access Object},
	year = {2002},
	howpublished = {\url{http://www.oracle.com/technetwork/java/dataaccessobject-138824.html}},
	urldate = {17.01.2017}
},
@online{opennlp,
	author = {{The Apache Software Foundation}},
	title = {Apache OpenNLP Developer Documentation},
	year = {2014},
	howpublished = {\url{https://opennlp.apache.org/documentation/1.7.0/manual/opennlp.html#opennlp}},
},
@online{fowler-ioc,
	author = {Martin Fowler},
	title = {Inversion of Control Containers and the Dependency Injection pattern},
	year = {2004},
	howpublished = {\url{https://martinfowler.com/articles/injection.html}},
	urldate = {17.01.2017}
},
@online{insel-xml,
	author = {Christian Ullenboom},
	title = {Java ist auch eine Insel},
	year = {2011},
	howpublished = {\url{http://openbook.rheinwerk-verlag.de/javainsel/javainsel_16_003.html}},
	urldate = {17.01.2017}
},
@online{bootstrap,
	title = {Bootstrap (Framework)},
	year = {2016},
	howpublished = {\url{https://de.wikipedia.org/wiki/Bootstrap_(Framework)}},
	urldate = {17.01.2017}
}
